@article{ackermann:adapting:2007,
	title = {Adapting the Diabetes Prevention Program Lifestyle Intervention for Delivery in the Community},
	volume = {33},
	issn = {0145-7217},
	\url = {10.1177/0145721706297743},
	doi = {10.1177/0145721706297743},
	pages = {69--78},
	number = {1},
	journal = {The Diabetes Educator},
	author = {Ackermann, Ronald T. and Marrero, David G.},
	year = {2007},
}

@misc{anderson:united:1999,
	title = {United States Life Tables, 1997},
	howpublished={\url{https://www.cdc.gov/nchs/data/nvsr/nvsr47/nvs47_28.pdf}},
	author = {Anderson, Robert N. and {National Center for Health Statistics}},
	year = {1999}
}

@article{zhuo:lifetime:2013,
	title = {Lifetime direct medical costs of treating type 2 diabetes and diabetic complications},
	volume = {45},
	issn = {0749-3797},
	pages = {253--261},
	number = {3},
	journal = {American Journal of Preventive Medicine},
	author = {Zhuo, Xiaohui and Zhang, Ping and Hoerger, Thomas J.},
	year = {2013},
	doi={10.1016/j.amepre.2013.04.017}
}

@article{boyle:projection:2010,
	title = {Projection of the year 2050 burden of diabetes in the {US} adult population: dynamic modeling of incidence, mortality, and pre-diabetes prevalence},
	volume = {8},
	issn = {1478-7954},
	pages = {1--12},
	number = {1},
	journal = {Population Health Metrics},
	author = {Boyle, James P. and Thompson, Theodore J. and Gregg, Edward W. and Barker, Lawrence E. and Williamson, David F.},
	year = {2010},
	doi={10.1186/1478-7954-8-29}
}

@article{svetkey:premier:2003,
	title = {Premier: {A} clinical trial of comprehensive lifestyle modification for blood pressure control: {R}ationale, design and baseline characteristics},
	volume = {13},
	issn = {1047-2797},
	pages = {462--471},
	number = {6},
	journal = {Annals of Epidemiology},
	author = {Svetkey, Laura P. and Harsha, David W. and Vollmer, William M. and Stevens, Victor J. and Obarzanek, Eva and Elmer, Patricia J. and Lin, Pao-Hwa and Champagne, Catherine and Simons-Morton, Denise G. and Aickin, Mikel},
	year = {2003},
	doi={10.1016/S1047-2797(03)00006-1}
}

@misc{schoenborn:body:2002,
	title = {Body weight status of adults: {U}nited {S}tates, 1997-98},
	howpublished={\url{https://www.cdc.gov/nchs/data/ad/ad330.pdf}},
	author = {Schoenborn, Charlotte A. and Adams, Patricia F. and Barnes, Patricia M. and {National Center for Health Statistics}},
	year = {2002}
}

@article{narayan:lifetime:2003,
	title = {Lifetime risk for diabetes mellitus in the {U}nited {S}tates},
	volume = {290},
	issn = {0098-7484},
	pages = {1884--1890},
	number = {14},
	journal = {Jama},
	author = {Narayan, {KM} Venkat and Boyle, James P. and Thompson, Theodore J. and Sorensen, Stephen W. and Williamson, David F.},
	year = {2003},
	doi={10.1001/jama.290.14.1884}
}

@article{costa:delaying:2012,
	title = {Delaying progression to type 2 diabetes among high-risk {S}panish individuals is feasible in real-life primary healthcare settings using intensive lifestyle intervention},
	volume = {55},
	issn = {0012-186X},
	pages = {1319--1328},
	number = {5},
	journal = {Diabetologia},
	author = {Costa, B. and Barrio, F. and Cabré, J-J. and Piñol, J-L. and Cos, X. and Solé, C. and Bolíbar, B. and Basora, J. and Castell, C. and Solà-Morales, O.},
	year = {2012},
	doi={10.1007/s00125-012-2492-6}
}

@article{centers:for:disease:control:and:prevention:increasing:2012,
	title = {Increasing prevalence of diagnosed diabetes--United States and Puerto Rico, 1995-2010},
	volume = {61},
	pages = {918},
	number = {45},
	journal = {Morbidity and Mortality Weekly Report},
	author = {{Centers for Disease Control and Prevention}},
	year = {2012}
}

@misc{fryar:anthropometric:2012,
	title = {Anthropometric reference data for children and adults: {U}nited {S}tates, 2007-2010},
	howpublished={\url{https://www.cdc.gov/nchs/data/series/sr_11/sr11_252.pdf}},
	institution = {{US} Department of Health and Human Services, Centers for Disease Control and Prevention, National Center for Health Statistics},
	author = {Fryar, Cheryl D. and Gu, Qiuping and Ogden, Cynthia L. and {National Center for Health Statistics}},
	year = {2012}
}


@article{group:costs:2003,
	title = {Costs Associated With the Primary Prevention of Type 2 Diabetes Mellitus in the Diabetes Prevention Program},
	volume = {26},
	rights = {{DIABETES} {CARE}},
	issn = {0149-5992, 1935-5548},
	doi = {10.2337/diacare.26.1.36},
	pages = {36--47},
	number = {1},
	journal = {Diabetes Care},
	author = {{The Diabetes Prevention Program Research Group and others}},
	year = {2003}
}

@misc{murphy:deaths:2013,
	title = {Deaths: final data for 2010},
	howpublished={\url{https://www.cdc.gov/nchs/data/nvsr/nvsr61/nvsr61_04.pdf}},
	author = {Murphy, Sherry L. and Xu, Jiaquan and Kochanek, Kenneth D. and {National Center for Health Statistics}},
	year = {2013}
}

@article{lawlor:cost:2013,
	title = {Cost of a Group Translation of the Diabetes Prevention Program},
	volume = {44},
	doi = {10.1016/j.amepre.2012.12.016},
	number = {4},
	journal = {American journal of preventive medicine},
	author = {Lawlor, Michael S. and Blackwell, Caroline S. and Isom, Scott P. and Katula, Jeffrey A. and Vitolins, Mara Z. and Morgan, Timothy M. and Goff, David C.},
	year = {2013},
}

@article{association:economic:2013,
	title = {Economic costs of diabetes in the {U.S.} in 2012},
	volume = {36},
	pages = {1033--1046},
	number = {4},
	journal = {Diabetes Care},
	author = {{American Diabetes Association}},
	year = {2013},
	doi={10.2337/dc12-2625}
}

@article{association:classification:2013,
	title = {Classification and Diagnosis of Diabetes},
	volume = {40},
	pages = {S11--S24},
	number = {Supplement 1},
	journal = {Diabetes Care},
	author = {{American Diabetes Association}},
	year = {2017},
	doi={10.2337/dc18-S002}
}

@article{ackermann:randomized:2015,
	title = {A Randomized Comparative Effectiveness Trial for Preventing Type 2 Diabetes},
	volume = {105},
	issn = {1541-0048},
	doi = {10.2105/AJPH.2015.302641},
	pages = {2328--2334},
	number = {11},
	journal = {American Journal of Public Health},
	author = {Ackermann, Ronald T. and Liss, David T. and Finch, Emily A. and Schmidt, Karen K. and Hays, Laura M. and Marrero, David G. and Saha, Chandan},
	year = {2015}
}

@misc{u.s.:census:bureau:resident:2001,
	title = {Resident Population Estimates of the United States by Age and Sex: April 1, 1990 to July 1, 1999, with Short-Term Projection to November 1, 2000.},
	howpublished={\url{https://www.census.gov/population/estimates/nation/intfile2-1.txt}},
	author = {{U.S. Census Bureau}},
	year = {2001}
}

@misc{mcdowell:anthropometric:2005,
	title = {Anthropometric reference data for children and adults: {U.S.} population, 1999-2002},
	howpublished ={\url{https://www.cdc.gov/nchs/data/ad/ad361.pdf}},
	institution = {{US} Department of Health and Human Services, Centers for Disease Control and Prevention, National Center for Health Statistics},
	author = {McDowell, Margaret A. and {National Center for Health Statistics}},
	year = {2005}
}

@article{tuomilehto:prevention:2001,
	title = {Prevention of type 2 diabetes mellitus by changes in lifestyle among subjects with impaired glucose tolerance},
	volume = {344},
	issn = {0028-4793},
	pages = {1343--1350},
	number = {18},
	journal = {New England Journal of Medicine},
	author = {Tuomilehto, Jaakko and Lindström, Jaana and Eriksson, Johan G. and Valle, Timo T. and Hämäläinen, Helena and Ilanne-Parikka, Pirjo and Keinänen-Kiukaanniemi, Sirkka and Laakso, Mauri and Louheranta, Anne and Rastas, Merja},
	year = {2001},
	doi={10.1056/NEJM200105033441801}
}

@report{centers:for:disease:control:and:prevention:diabetes:2012,
	title = {Diabetes report card 2012},
	institution = {{US} Department of Health Human Services, Centers for Disease Control and Prevention},
	author = {{Centers for Disease Control and Prevention}},
	date = {2012}
}

@article{diabetes:prevention:program:research:group:reduction:2002,
	title = {Reduction in the incidence of type 2 diabetes with lifestyle intervention or metformin},
	volume = {346},
	pages = {393},
	number = {6},
	journal = {The New England Journal of Medicine},
	author = {{Diabetes Prevention Program Research Group}},
	year = {2002},
	doi={10.1056\%2FNEJMoa012512}
}

@article{group:glucose:2001,
	title = {Glucose tolerance and cardiovascular mortality: comparison of fasting and 2-hour diagnostic criteria},
	volume = {161},
	pages = {397},
	number = {3},
	journal = {Archives of Internal Medicine},
	author = {Group, {DECODE} Study},
	year = {2001}
}

@article{katula:one-year:2011,
	title = {One-year results of a community-based translation of the {D}iabetes {P}revention {P}rogram: {H}ealthy-{L}iving {P}artnerships to {P}revent {D}iabetes ({HELP} {PD}) {P}roject},
	author={Katula, Jeffrey A and Vitolins, Mara Z and Rosenberger, Erica L and Blackwell, Caroline S and Morgan, Timothy M and Lawlor, Michael S and Goff, David C},
	volume = {34},
	issn = {1935-5548},
	pages = {1451--1457},
	number = {7},
	journal = {Diabetes Care},
	year = {2011},
	doi={10.2337/dc10-2115}
}

@misc{mcdowell:anthropometric:2008,
	title = {Anthropometric reference data for children and adults: United States, 2003-2006},
	howpublished={\url{https://www.cdc.gov/nchs/data/nhsr/nhsr010.pdf}},
	institution = {{US} Department of Health and Human Services, Centers for Disease Control and Prevention, National Center for Health Statistics},
	author = {McDowell, Margaret A. and {National Center for Health Statistics}},
	year = {2008}
}


@misc{centers:for:disease:control:and:prevention:national:2017,
	title = {National diabetes statistics report},
	institution = {{US} Department of Health and Human Services, Centers for Disease Control and Prevention},
	author = {{Centers for Disease Control and Prevention}},
	year = {2017},
	howpublished={\url{https://www.cdc.gov/diabetes/pdfs/data/statistics/national-diabetes-statistics-report.pdf}}
}


@article{nilsen:effects:2011,
	title = {Effects of lifestyle intervention in persons at risk for type 2 diabetes mellitus-results from a randomised, controlled trial},
	volume = {11},
	issn = {1471-2458},
	pages = {893--902},
	number = {1},
	journal = {{BMC} Public Health},
	author = {Nilsen, Vegard and Bakke, Per S. and Gallefoss, Frode},
	year = {2011},
	doi={10.1186/1471-2458-11-893}
}

@article{yang:development:2008,
	title = {Development and validation of an all-cause mortality risk score in type 2 diabetes: The Hong Kong Diabetes Registry},
	volume = {168},
	issn = {0003-9926},
	pages = {451--457},
	number = {5},
	journal = {Archives of Internal Medicine},
	author = {Yang, Xilin and So, Wing Yee and Tong, Peter C.Y. and Ma, Ronald C.W. and Kong, Alice P.S. and Lam, Christopher W.K. and Ho, Chung Shun and Cockram, Clive S. and Ko, Gary T.C. and Chow, Chun-Chung},
	year = {2008},
	doi={10.1001/archinte.168.5.451}
}

@article{anderson:achievable:2012,
	title = {Achievable cost saving and cost-effective thresholds for diabetes prevention lifestyle interventions in people aged 65 years and older: a single-payer perspective},
	volume = {112},
	issn = {2212-2672},
	doi = {10.1016/j.jand.2012.08.033},
	pages = {1747--1754},
	number = {11},
	journal = {Journal of the Academy of Nutrition and Dietetics},
	author = {Anderson, Jennifer M.},
	year = {2012}
}

@misc{centers:for:disease:control:and:prevention:rates:2015,
	title = {Rates of diagnosed diabetes per 100 civilian, non-institutionalized population, by age, United States, 1980–2014},
	howpublished ={\url {http://www.cdc.gov/diabetes/statistics/prev/national/figbyage.htm}},
	author={{Centers for Disease Control and Prevention}},
	year = {2015}
}

@article{vermunt:lifestyle:2012,
	title = {A lifestyle intervention to reduce Type 2 diabetes risk in Dutch primary care: 2.5-year results of a randomized controlled trial},
	volume = {29},
	issn = {1464-5491},
	pages = {e223--e231},
	number = {8},
	journal = {Diabetic Medicine},
	author = {Vermunt, P.W.A. and Milder, I.E.J. and Wielaard, F. and De Vries, J.H.M. and Baan, C.A. and Van Oers, J.A.M. and Westert, G.P.},
	year = {2012},
	doi={10.1111/j.1464-5491.2012.03648.x}
}

@article{sonnenberg:markov:1993,
	title = {Markov models in medical decision making: {A} practical guide},
	volume = {13},
	issn = {0272-989X},
	pages = {322--338},
	number = {4},
	journal = {Medical Decision Making},
	author = {Sonnenberg, Frank A. and Beck, J. Robert},
	year = {1993},
	doi={10.1177/0272989X9301300409}
}

@article{li2014cardiovascular,
  title={Cardiovascular mortality, all-cause mortality, and diabetes incidence after lifestyle intervention for people with impaired glucose tolerance in the {D}a {Q}ing {D}iabetes {P}revention {S}tudy: {A} 23-year follow-up study},
  author={Li, Guangwei and Zhang, Ping and Wang, Jinping and An, Yali and Gong, Qiuhong and Gregg, Edward W and Yang, Wenying and Zhang, Bo and Shuai, Ying and Hong, Jing and others},
  journal={The lancet Diabetes \& endocrinology},
  volume={2},
  number={6},
  pages={474--480},
  year={2014},
  publisher={Elsevier},
  doi={10.1016/S2213-8587(14)70057-9}
}

@article{leal2017computer,
  title={Computer simulation models of pre-diabetes populations: {A} systematic review protocol},
  author={Leal, Jose and Khurshid, Waqar and Pagano, Eva and Feenstra, Talitha},
  journal={BMJ open},
  volume={7},
  number={10},
  pages={e014954},
  year={2017},
  publisher={British Medical Journal Publishing Group},
  doi={10.1136/bmjopen-2016-014954}
}

@article{seuring2015economic,
  title={The economic costs of type 2 diabetes: {A} global systematic review},
  author={Seuring, Till and Archangelidi, Olga and Suhrcke, Marc},
  journal={Pharmacoeconomics},
  volume={33},
  number={8},
  pages={811--831},
  year={2015},
  publisher={Springer},
  doi={10.1007/s40273-015-0268-9}
}

@article{huang2009projecting,
  title={Projecting the future diabetes population size and related costs for the {U.S.}},
  author={Huang, Elbert S and Basu, Anirban and O'grady, Michael and Capretta, James C},
  journal={Diabetes care},
  volume={32},
  number={12},
  pages={2225--2229},
  year={2009},
  publisher={Am Diabetes Assoc},
  doi={10.2337/dc09-0459}
}

@article{katula2013healthy,
  title={The Healthy Living Partnerships to Prevent Diabetes study: 2-year outcomes of a randomized controlled trial},
  author={Katula, Jeffrey A and Vitolins, Mara Z and Morgan, Timothy M and Lawlor, Michael S and Blackwell, Caroline S and Isom, Scott P and Pedley, Carolyn F and Goff Jr, David C},
  journal={American journal of preventive medicine},
  volume={44},
  number={4},
  pages={S324--S332},
  year={2013},
  doi={10.1016/j.amepre.2012.12.015}
}

@article{thorpe2011enrolling,
  title={Enrolling people with prediabetes ages 60--64 in a proven weight loss program could save Medicare \$7 billion or more},
  author={Thorpe, Kenneth E and Yang, Zhou},
  journal={Health Affairs},
  volume={30},
  number={9},
  pages={1673--1679},
  year={2011},
  doi={10.1377/hlthaff.2010.0944}
}

@article{vojta:2013:coordinated,
  title={A coordinated national model for diabetes prevention: linking health systems to an evidence-based community program},
  author={Vojta, Deneen and Koehler, Timothy B and Longjohn, Matt and Lever, Jonathan A and Caputo, Nadine F},
  journal={American journal of preventive medicine},
  volume={44},
  number={4},
  pages={S301--S306},
  year={2013},
  publisher={Elsevier},
  doi={10.1016/j.amepre.2012.12.018}
}